2234 2732
1154 57 1186 97 4

279 201 496 239 veterum
530 196 604 239 his
636 196 710 240 usi
747 202 881 249 sunt,
917 202 1041 240 certe
1072 206 1173 239 non
1204 194 1343 239 aliter
1373 197 1750 252 pronunciarunt
1783 211 1922 257 quam
1954 203 2057 255 κλῖ-

276 257 392 313 μαξ,
427 269 627 314 eamque
658 258 870 313 regulam
903 262 1155 314 sequentes
1185 255 1324 300 latini
1351 259 1525 312 poetae
1557 259 1699 302 clima
1716 259 1924 309 trochaei
1952 262 2057 305 loco

277 319 383 361 loco
402 325 604 375 ponunt,
636 317 879 375 Alphaeus
911 324 1071 361 autem
1103 317 1262 377 Epigr.
1292 315 1349 360 V.
1376 323 1425 371 et
1454 315 1653 363 Nonnus
1671 319 1759 363 111.
1789 326 1831 364 5.
1865 321 2057 366 brevem

277 379 496 422 fecerunt
512 377 852 436 penultimam,
884 392 976 435 quo
995 379 1165 421 nititur
1185 378 1392 434 vulgaris
1426 380 1611 421 notatio
1641 379 1792 437 κλίμα
1822 381 1966 433 Arist.
1999 382 2058 426 de

270 438 445 483 Mund.
458 454 495 485 c.
506 438 566 482 II.
597 438 773 495 Κρΐμα
782 439 1061 495 saepissime
1070 438 1246 495 legitur
1262 439 1314 481 in
1328 437 1463 482 libris
1473 437 1528 482 N.
1540 437 1591 482 T.
1601 440 1879 500 plerumque
1890 456 2060 500 prope·

277 496 613 558 rispomenoh3
643 498 841 543 Nonnus
858 501 910 542 in
929 497 1162 555 Metaphr.
1184 498 1268 542 IX.
1285 511 1332 556 p.
1355 500 1458 551 127,
1479 501 1520 542 3.
1538 513 1625 556 pro
1647 499 2060 560 brachyparalecto

276 574 391 603 usus
412 566 485 603 est
515 567 679 603 eontra
696 566 912 603 veterum
930 572 1129 618 morem,
1158 572 1299 616 quem
1326 558 1537 602 ostendit
1557 558 1870 616 Aeschyleum
1903 578 2063 608 exem-

201 677 213 683 *
276 621 412 679 plum
444 621 585 663 metri
617 621 901 663 necessitate
925 614 1225 672 adstrictum;
1257 626 1306 662 et
1336 632 1398 663 ex
1428 619 1518 663 hoc
1550 620 1609 664 de
1643 620 1909 682 ἀπόκριμα,
1942 623 2062 682 πρό-

279 698 433 741 κριμα
462 688 512 724 et
543 680 824 740 κατάκριμα
852 680 1163 737 judicandum
1193 680 1342 733 foret,
1374 680 1415 725 si
1446 680 1564 725 haec
1592 682 1822 732 vocabula
1852 686 2059 744 antiquis

277 743 484 802 probata
532 743 751 787 fuissent.
819 742 893 786 Ab
943 742 1162 800 ε”φθιμαι
1202 755 1382 786 nomen
1433 741 1620 788 ducitur
1658 745 1839 790 nullum
1885 747 1968 791 sed
2007 748 2060 792 in

280 804 666 862 supplementum
707 804 842 846 venit
873 803 1144 861 φθίνασμα
1184 817 1211 846 a
1245 802 1420 861 φθίνω
1456 803 1737 861 productum
1769 815 1821 848 ut
1853 808 1912 850 ab
1946 806 2058 860 ἔδω,

280 864 491 921 ἔδεσμα,
525 862 695 917 τείνω,
728 863 1008 921 τεινεσμός,
1041 878 1139 907 ιιοιι
1172 878 1201 907 a
1234 862 1496 921 φθινάζω,
1541 865 1687 909 verbo
1718 867 2077 911 commenticio.'

279 925 378 968 Sed
408 925 838 968 Grammaticorum
873 939 1004 968 error
1037 925 1098 968 ad
1128 925 1325 967 alteram
1347 938 1532 981 quoque
1553 926 1926 971 indifferentium
1958 943 2064 985 per-

281 997 418 1039 tinet.
479 997 642 1051 Etym.
674 995 738 1039 Μ.
771 998 873 1038 545.
913 999 954 1037 5.
995 993 1054 1038 τοὶ
1098 995 1166 1044 εἰς
1194 985 1270 1052 ,It-a-
1301 995 1583 1052 δισύλλαβα
1613 1000 1680 1052 τῷ
1717 1014 1747 1041 υ
1786 999 2062 1058 παραληγό-

278 1070 413 1114 μενα
442 1055 692 1100 συστέλλει
725 1054 862 1106 αὐτὸ,
897 1052 1007 1100 οἷον
1036 1056 1190 1113 χύμα,
1224 1055 1407 1114 πλύμα,
1439 1055 1606 1114 θύμα·
1641 1057 1972 1115 σεσημείωται
2005 1059 2062 1103 δὲ

279 1116 339 1160 τό
369 1121 518 1173 κῦμα.
551 1115 607 1160 τὸ
639 1116 733 1173 γάρ
767 1120 898 1172 λῦμα
924 1121 1189 1172 ποιητικῶς
1221 1117 1503 1168 ἐκτείνεται,
1537 1116 1593 1160 τι)
1625 1116 1679 1161 δὲ
1712 1119 1855 1175 θῦμα
1872 1120 2064 1178 ἱστορεῖ

276 1177 599 1237 Ἀριστοκλῆς
631 1176 685 1220 ἓν
717 1179 783 1232 τῷ
825 1173 937 1235 περὶ
971 1175 1230 1222 διαλέκτου
1264 1175 1631 1235 ἐκτεινόμενον·
1683 1178 1872 1224 brevius
1904 1181 2060 1226 Draco

278 1253 325 1298 p.
361 1244 445 1293 57,
483 1244 521 1282 7.
562 1238 822 1295 ἱστοροῦσι
860 1236 1036 1294 μέντοι
1068 1237 1326 1288 Ἀττικούς
1357 1238 1413 1282 τὸ
1453 1243 1584 1296 λῦμα
1617 1239 1855 1285 ἐκτείνειν
1887 1241 1971 1285 καὶ
2002 1242 2059 1287 τό

282 1302 443 1357 φῦμα.
506 1298 575 1342 Ηί
614 1300 758 1355 igitur
789 1305 841 1340 ‘et
877 1299 1079 1355 scriptor
1115 1299 1257 1355 Regg‚
1292 1298 1491 1346 Prosod.
1530 1299 1586 1343 N.
1629 1302 1700 1346 13.
1743 1309 1791 1344 et
1834 1303 1936 1345 101.
1980 1304 2061 1360 qui

280 1359 421 1419 ῥύμα
453 1359 611 1411 addit,
654 1358 876 1400 omnibus
910 1359 975 1399 sic
1000 1359 1210 1414 figuratis
1242 1366 1431 1415 praeter
1460 1360 1626 1415 θῦμα,
1660 1363 1816 1417 κῦμα,
1850 1358 1979 1418 λῦμα
2014 1371 2062 1406 et

281 1426 450 1478 φῦμα,
482 1419 796 1477 penultimam
831 1418 1023 1461 brevem
1055 1419 1293 1472 tribuunt,
1334 1427 1387 1462 ut
1413 1427 1584 1477 poetae
1617 1419 1867 1466 deterioris
1893 1426 2061 1468 aetatis

282 1482 444 1525 facere
479 1481 649 1523 solent.
715 1477 931 1536 Orpheus
963 1478 1025 1522 Ι-Ι.
1057 1479 1116 1522 Χ.
1151 1483 1223 1522 22.
1267 1477 1417 1537 φύσις
1447 1503 1507 1515 -
1538 1479 1695 1536 αἐνάῳ
1732 1483 2061 1544 στροφάλιγγι

281 1542 415 1587 θοὸν
446 1541 582 1599 ῥύμα
619 1539 908 1593 δινεύουσα,
938 1540 1027 1583 hoc
1058 1548 1135 1583 est·
1161 1538 1293 1597 θοήν
1321 1540 1484 1598 ῥύμην
1514 1543 1614 1586 sive
1648 1542 1798 1600 δίνην
1831 1544 2063 1588 δινεύου-

283 1621 346 1647 σα
384 1604 462 1647 vel
516 1600 644 1650 θοοὶς
688 1599 874 1659 τροπὰς
919 1600 1217 1658 τρεπομένη,
1276 1608 1329 1644 ut
1379 1601 1536 1660 φορὰς
1572 1603 1928 1651 ἐνθουσιώδεις
1975 1621 2062 1661 (ps-

281 1664 466 1722 ρομένη
517 1663 641 1707 Plut.
679 1660 736 1705 V.
777 1661 946 1717 Pyrrh.
989 1676 1023 1705 c.
1064 1660 1218 1706 XXII.
1264 1660 1357 1717 τὴν
1408 1661 1646 1706 ἐναντίαν
1675 1663 1914 1721 ,στροφήν
1958 1664 2062 1709 διε-

282 1723 595 1780 στραμμένος
626 1721 814 1765 Arrian.
846 1723 998 1779 Epict.
1025 1722 1113 1777 111.
1144 1725 1187 1774 3,
1221 1725 1324 1769 384.
1354 1729 1439 1765 etc.
1501 1721 1725 1766 Proculus
1757 1737 1886 1767 vero.
1910 1725 1975 1768 H.
2006 1728 2059 1770 in

281 1785 381 1829 Sol.
410 1789 456 1840 4.
491 1782 732 1841 ἁρμονίης
762 1780 897 1841 ῥύμα
939 1780 1180 1827 πλούσιον
1220 1780 1519 1838 ἐξοχετεύων
1556 1797 1643 1841 pro
1687 1783 1845 1843 ῥεῦμα
1886 1788 2059 1843 posuit.

284 1846 519 1890 Similiter
558 1846 610 1887 in
646 1844 808 1899 Epigr.
849 1843 1024 1901 Adesp.
1058 1842 1198 1886 CXV.
1239 1842 1431 1899 ἔνδυμα
1472 1842 1617 1886 habet
1656 1844 1833 1901 dactyli
1868 1860 2062 1892 mensu-

279 1923 385 1954 ram
418 1905 506 1951 sed
537 1902 665 1963 apud
695 1904 807 1948 Eur.
836 1902 985 1948 Herc·
1015 1906 1121 1949 443.
1161 1903 1244 1948 ubi
1274 1902 1401 1950 idem
1434 1903 1679 1962 legebatur
1714 1917 1930 1966 correpta
1961 1925 2060 1953 me·

281 1969 377 2022 dia,
410 1967 683 2021 restitutum
719 1972 792 2008 est
823 1964 1021 2019 ἔνδυτα,
1048 1978 1140 2023 quo
1162 1966 1264 2008 solo
1283 1973 1478 2010 utuntur
1498 1967 1698 2024 Tragici,
1731 1970 1810 2027 [ut
1841 1976 1888 2012 et
1920 1969 2059 2030 ἔγχυ-

279 2046 371 2074 τον
403 2031 598 2083 atticum
639 2026 830 2072 videtu-r
868 2041 985 2084 prae
1022 2027 1238 2085 ἔγχυμα]
1279 2036 1327 2071 et
1367 2028 1560 2085 ἔκδυμα
1604 2030 1657 2073 in
1687 2029 2087 2089 HedyliEpigrst

280 2090 337 2135 V.
372 2091 466 2148 (Ι.)
500 2088 656 2133 Anall.
688 2087 743 2131 Τ.
767 2087 804 2131 Ι.
831 2090 937 2132 483.
970 2088 1158 2146 regulae
1190 2090 1427 2134 convenit.
1498 2091 1653 2147 Φῦμα
1682 2090 1806 2147 apud
1832 2090 2061 2150 Hippocr.

282 2152 342 2195 de
377 2151 484 2197 Nat.
518 2151 654 2193 Puer.
686 2161 732 2205 p.
755 2151 867 2192 390.
897 2150 948 2193 Τ.
981 2150 1017 2192 1.,
1054 2148 1234 2193 Herod.
1265 2150 1353 2193 ΙΙΙ.
1388 2153 1491 2195 133.
1534 2150 1719 2194 Aelian.
1758 2150 1815 2194 V.
1849 2152 1910 2195 H.
1950 2152 2060 2197 XII.

284 2216 325 2257 3.
359 2213 577 2271 aliosque
607 2210 784 2257 rectius
810 2209 1033 2258 scribitur
1055 2224 1195 2270 quam
1216 2209 1359 2272 φύμα
1377 2212 1431 2257 in
1448 2209 1608 2257 Nonni
1627 2210 1752 2270 Epit.
1773 2226 1810 2255 c.
1831 2210 2057 2269 CCXVII.
